1918 3130
498 744 1350 820 PRAEFATIO.

136 969 348 1074 Quum
395 995 460 1048 de
505 995 694 1068 plantis
732 1003 942 1050 nostrae
977 992 1206 1062 regionis
1243 989 1418 1062 plures
1458 984 1714 1040 circumfe-

136 1088 309 1134 rantur
359 1081 543 1152 partim
602 1082 805 1151 egregie
856 1078 1132 1150 compositi
1183 1075 1328 1140 libri,
1395 1073 1528 1125 inter
1585 1085 1717 1139 quos

135 1163 297 1218 nobil.
346 1165 786 1219 Schlechtendalii
829 1163 992 1218 Flora
1038 1155 1397 1216 Berolinensis
1440 1155 1595 1227 plene
1640 1170 1719 1204 ac·

135 1258 408 1321 curateque
458 1251 716 1321 descripta
768 1250 927 1318 longe
985 1246 1214 1311 excellit,
1270 1244 1318 1296 ei
1371 1242 1460 1312 qui
1504 1240 1560 1291 in
1605 1253 1720 1288 ean-

136 1332 253 1385 dem
286 1352 393 1385 rem
431 1335 602 1385 denuo
627 1335 851 1405 inquirit,
882 1331 1172 1385 verendumv
1192 1345 1356 1398 paene
1389 1333 1483 1389 est,
1519 1340 1585 1375 ne
1611 1327 1723 1372 acta

134 1425 186 1469 et
215 1416 474 1487 superflua
499 1433 650 1484 agere
676 1417 923 1468 videatur.
960 1415 1324 1465 Verumtamen
1357 1409 1460 1479 qui,
1492 1413 1543 1458 et
1567 1421 1721 1475 quan-

135 1509 241 1553 tum
276 1517 370 1571 per
396 1507 634 1571 quattuor
659 1498 766 1552 fere
799 1498 959 1551 lustra
982 1497 1037 1549 in
1066 1495 1306 1548 botanice
1339 1489 1722 1563 profecerimus,

136 1584 489 1655 perpenderit,
530 1592 581 1637 et
616 1585 784 1655 ipsum
818 1581 951 1635 illud
983 1598 1115 1651 opus
1152 1578 1446 1650 primarium
1470 1578 1580 1644 jam
1608 1579 1724 1623 ante

138 1668 428 1739 quindecim
461 1687 626 1721 annos
656 1668 914 1739 prodiisse
938 1665 1240 1729 meminerit,
1277 1663 1322 1714 is
1348 1659 1499 1713 facile
1538 1657 1725 1727 opinor

138 1753 413 1820 concedet,
449 1754 804 1808 tractationem
839 1758 1047 1804 nostrae
1081 1748 1274 1802 Florae
1311 1764 1372 1798 ea
1408 1742 1613 1815 quidem
1649 1758 1725 1793 ra-

138 1839 280 1891 tione
316 1839 622 1904 institutam,
661 1856 812 1909 quam
856 1835 1017 1890 hodie
1053 1840 1331 1905 sequuntur
1369 1846 1572 1892 omneS,
1617 1842 1726 1878 non

141 1924 310 1975 solum
346 1923 523 1977 utilem
559 1922 653 1975 sed
690 1922 840 1975 etiam
876 1919 1217 1973 necessariam
1246 1933 1378 1970 esse.
1450 1912 1564 1966 Jam
1599 1928 1725 1964 vero

140 2009 244 2060 hoc
285 2008 340 2065 in
383 2007 521 2060 libro
567 2014 776 2059 nostrae
819 2005 1044 2074 regionis
1082 2003 1288 2074 plantae
1314 2000 1531 2071 primum
1564 1994 1630 2048 ad
1655 1994 1725 2046 sa·

142 2092 306 2145 milias
353 2091 619 2143 ordinatae
665 2108 938 2160 earumque
973 2087 1058 2140 vel
1093 2085 1459 2140 minutissimae
1495 2081 1639 2134 floris
1678 2085 1729 2130 et

145 2177 350 2229 seminis
387 2183 558 2246 partes
600 2173 887 2245 descriptae
924 2180 1055 2226 sunt.
1132 2173 1462 2240 Quapropter
1498 2184 1607 2220 non
1644 2182 1726 2217 so-

144 2261 249 2314 lum
295 2278 503 2326 omnes,
545 2277 669 2330 quas
707 2258 881 2324 attuli,
921 2258 1122 2328 plantas
1168 2254 1339 2307 denuo
1385 2256 1729 2322 perscrutatus

147 2365 257 2400 sum
290 2346 510 2398 maxima
546 2362 646 2415 qua
680 2361 889 2414 possem
928 2340 1188 2411 diligentia
1215 2345 1268 2391 et
1295 2334 1598 2400 examinavi,
1637 2332 1729 2386 sed

149 2429 298 2484 simul
336 2430 508 2496 etiam,
549 2437 603 2482 ut
638 2429 765 2482 haec
800 2428 874 2480 rei
910 2425 1177 2479 herbariae
1209 2420 1458 2494 particula
1482 2419 1580 2473 toti
1605 2417 1727 2471 doc-

149 2516 310 2568 trinae
355 2523 406 2568 et
451 2515 646 2567 cunctis
684 2517 792 2583 ejus
837 2510 1065 2583 partibus
1110 2505 1470 2579 responderet,
1515 2505 1571 2558 in
1615 2520 1727 2575 per·

152 2599 333 2653 multas
369 2600 609 2671 inquisivi
644 2598 876 2664 familiaS,
915 2612 1104 2666 genera
1141 2601 1192 2647 et
1229 2594 1443 2664 specieS,
1484 2606 1613 2662 quae
1640 2587 1725 2641 ab·

154 2693 269 2761 sunt
318 2703 348 2738 a
399 2693 577 2740 nostra
628 2684 853 2755 regione.
943 2682 1012 2735 Et
1055 2687 1133 2734 est
1176 2695 1297 2733 sane
1342 2675 1485 2748 quod
1529 2690 1730 2746 sperem

46 2130 65 2151 φ

0 2130 77 2279 (““ῐζ”’“

13 2755 77 2796 b
7 2544 89 2691 3551.

0 2949 154 3077 ste

113 3102 129 3116 ἢ
