<?xml version="1.0" encoding="UTF-8"?>
<!DOCTYPE html PUBLIC "-//W3C//DTD XHTML 1.0 Transitional//EN"
    "http://www.w3.org/TR/xhtml1/DTD/xhtml1-transitional.dtd">
<html xmlns="http://www.w3.org/1999/xhtml" xml:lang="en" lang="en">
 <head>
  <title>
</title>
<meta http-equiv="Content-Type" content="text/html;charset=utf-8" />
  <meta name='ocr-system' content='tesseract 3.04.00' />
  <meta name='ocr-capabilities' content='ocr_page ocr_carea ocr_par ocr_line ocrx_word'/>
</head>
<body>
  <div class='ocr_page' id='page_1' title='image "./floraberolinensi01kunt_0305.png"; bbox 0 0 1918 3130; ppageno 0'>
   <div class='ocr_carea' id='block_1_1' title="bbox 631 151 1686 203">
    <p class='ocr_par' dir='ltr' id='par_1_1' title="bbox 631 151 1686 203">
     <span class='ocr_line' id='line_1_1' title="bbox 631 151 1686 203; baseline -0.005 -1"><span class='ocrx_word' id='word_1_1' title='bbox 631 156 853 203; x_wconf 73' lang='lat' dir='ltr'>Cornus.</span> <span class='ocrx_word' id='word_1_2' title='bbox 931 153 1154 202; x_wconf 77' lang='lat' dir='ltr'>Viscum.</span> <span class='ocrx_word' id='word_1_3' title='bbox 1593 151 1686 198; x_wconf 77' lang='lat'>293</span> 
     </span>
    </p>
   </div>
   <div class='ocr_carea' id='block_1_2' title="bbox 348 277 1446 344">
    <p class='ocr_par' dir='ltr' id='par_1_2' title="bbox 348 277 1446 344">
     <span class='ocr_line' id='line_1_2' title="bbox 348 277 1446 344; baseline -0.008 0"><span class='ocrx_word' id='word_1_4' title='bbox 348 283 911 344; x_wconf 78' lang='lat' dir='ltr'><strong>LORANTHEAE</strong></span> <span class='ocrx_word' id='word_1_5' title='bbox 951 282 1122 341; x_wconf 81' lang='lat' dir='ltr'>Jass.</span> <span class='ocrx_word' id='word_1_6' title='bbox 1167 292 1223 339; x_wconf 84' lang='lat' dir='ltr'>et</span> <span class='ocrx_word' id='word_1_7' title='bbox 1266 277 1446 338; x_wconf 80' lang='lat' dir='ltr'>Rich.</span> 
     </span>
    </p>
   </div>
   <div class='ocr_carea' id='block_1_3' title="bbox 86 389 1688 1835">
    <p class='ocr_par' dir='ltr' id='par_1_3' title="bbox 86 389 1688 1835">
     <span class='ocr_line' id='line_1_3' title="bbox 224 389 1686 460; baseline -0.009 -13"><span class='ocrx_word' id='word_1_8' title='bbox 224 399 407 447; x_wconf 82' lang='lat' dir='ltr'>Flores</span> <span class='ocrx_word' id='word_1_9' title='bbox 442 396 850 460; x_wconf 79' lang='lat' dir='ltr'>hermaphroditi</span> <span class='ocrx_word' id='word_1_10' title='bbox 883 397 969 443; x_wconf 83' lang='lat' dir='ltr'>vel</span> <span class='ocrx_word' id='word_1_11' title='bbox 1003 395 1243 442; x_wconf 82' lang='lat' dir='ltr'><strong>declines.</strong></span> <span class='ocrx_word' id='word_1_12' title='bbox 1301 392 1471 454; x_wconf 80' lang='lat' dir='ltr'>Galyx</span> <span class='ocrx_word' id='word_1_13' title='bbox 1506 389 1686 436; x_wconf 75' lang='lat' dir='ltr'>ovatio</span> 
     </span>
     <span class='ocr_line' id='line_1_4' title="bbox 101 463 1686 536; baseline -0.008 -14"><span class='ocrx_word' id='word_1_14' title='bbox 101 467 242 523; x_wconf 77' lang='lat' dir='ltr'>arcte</span> <span class='ocrx_word' id='word_1_15' title='bbox 277 475 523 536; x_wconf 83' lang='lat' dir='ltr'>adnatus3</span> <span class='ocrx_word' id='word_1_16' title='bbox 556 475 746 522; x_wconf 86' lang='lat' dir='ltr'>limbus</span> <span class='ocrx_word' id='word_1_17' title='bbox 780 472 1141 532; x_wconf 82' lang='lat' dir='ltr'>abbreviatus,</span> <span class='ocrx_word' id='word_1_18' title='bbox 1176 463 1409 532; x_wconf 74' lang='lat' dir='ltr'>integ-er,-</span> <span class='ocrx_word' id='word_1_19' title='bbox 1447 467 1686 514; x_wconf 80' lang='lat' dir='ltr'>dentatus</span> 
     </span>
     <span class='ocr_line' id='line_1_5' title="bbox 100 541 1688 611; baseline -0.007 -13"><span class='ocrx_word' id='word_1_20' title='bbox 100 551 185 598; x_wconf 85' lang='lat' dir='ltr'>vel</span> <span class='ocrx_word' id='word_1_21' title='bbox 217 552 440 599; x_wconf 88' lang='lat' dir='ltr'>lobatus.</span> <span class='ocrx_word' id='word_1_22' title='bbox 505 550 688 599; x_wconf 81' lang='lat' dir='ltr'>Petala</span> <span class='ocrx_word' id='word_1_23' title='bbox 710 551 872 611; x_wconf 80' lang='lat'>4—8,</span> <span class='ocrx_word' id='word_1_24' title='bbox 908 549 1004 596; x_wconf 87' lang='lat' dir='ltr'>sub</span> <span class='ocrx_word' id='word_1_25' title='bbox 1035 547 1268 610; x_wconf 79' lang='lat' dir='ltr'>margine</span> <span class='ocrx_word' id='word_1_26' title='bbox 1305 545 1433 593; x_wconf 81' lang='lat' dir='ltr'>disci</span> <span class='ocrx_word' id='word_1_27' title='bbox 1477 541 1688 604; x_wconf 81' lang='lat' dir='ltr'>epigyni</span> 
     </span>
     <span class='ocr_line' id='line_1_6' title="bbox 100 619 1686 687; baseline -0.008 -12"><span class='ocrx_word' id='word_1_28' title='bbox 100 627 323 687; x_wconf 85' lang='lat' dir='ltr'>inserta,</span> <span class='ocrx_word' id='word_1_29' title='bbox 370 627 535 675; x_wconf 85' lang='lat' dir='ltr'>libera</span> <span class='ocrx_word' id='word_1_30' title='bbox 575 628 662 674; x_wconf 87' lang='lat' dir='ltr'>vel</span> <span class='ocrx_word' id='word_1_31' title='bbox 694 627 897 674; x_wconf 74' lang='lat' dir='ltr'>inferne</span> <span class='ocrx_word' id='word_1_32' title='bbox 941 624 1152 686; x_wconf 68' lang='lat' dir='ltr'>coalita,</span> <span class='ocrx_word' id='word_1_33' title='bbox 1202 620 1535 685; x_wconf 83' lang='lat' dir='ltr'>praefloratio</span> <span class='ocrx_word' id='word_1_34' title='bbox 1578 619 1686 664; x_wconf 86' lang='lat' dir='ltr'>val-</span> 
     </span>
     <span class='ocr_line' id='line_1_7' title="bbox 99 698 1684 764; baseline -0.007 -12"><span class='ocrx_word' id='word_1_35' title='bbox 99 709 236 752; x_wconf 84' lang='lat' dir='ltr'>vata.</span> <span class='ocrx_word' id='word_1_36' title='bbox 304 702 536 751; x_wconf 83' lang='lat' dir='ltr'><strong>Stamina</strong></span> <span class='ocrx_word' id='word_1_37' title='bbox 577 706 656 750; x_wconf 90' lang='lat' dir='ltr'>tot</span> <span class='ocrx_word' id='word_1_38' title='bbox 698 706 828 764; x_wconf 82' lang='lat' dir='ltr'>quot</span> <span class='ocrx_word' id='word_1_39' title='bbox 866 703 1063 763; x_wconf 86' lang='lat' dir='ltr'>petala,</span> <span class='ocrx_word' id='word_1_40' title='bbox 1105 700 1170 748; x_wconf 87' lang='lat' dir='ltr'>iis</span> <span class='ocrx_word' id='word_1_41' title='bbox 1204 698 1442 761; x_wconf 85' lang='lat' dir='ltr'>opposita</span> <span class='ocrx_word' id='word_1_42' title='bbox 1485 709 1684 744; x_wconf 86' lang='lat' dir='ltr'>eorum·</span> 
     </span>
     <span class='ocr_line' id='line_1_8' title="bbox 100 772 1684 843; baseline -0.008 -14"><span class='ocrx_word' id='word_1_43' title='bbox 100 796 201 843; x_wconf 81' lang='lat' dir='ltr'>que</span> <span class='ocrx_word' id='word_1_44' title='bbox 248 780 362 828; x_wconf 85' lang='lat' dir='ltr'>basi</span> <span class='ocrx_word' id='word_1_45' title='bbox 411 781 611 827; x_wconf 84' lang='lat' dir='ltr'>adnata.</span> <span class='ocrx_word' id='word_1_46' title='bbox 697 779 961 826; x_wconf 82' lang='lat' dir='ltr'>Antherae</span> <span class='ocrx_word' id='word_1_47' title='bbox 1014 779 1170 824; x_wconf 84' lang='lat' dir='ltr'>dorso</span> <span class='ocrx_word' id='word_1_48' title='bbox 1223 776 1439 834; x_wconf 86' lang='lat' dir='ltr'>affixae,</span> <span class='ocrx_word' id='word_1_49' title='bbox 1488 772 1684 819; x_wconf 86' lang='lat' dir='ltr'>bilocu-</span> 
     </span>
     <span class='ocr_line' id='line_1_9' title="bbox 97 850 1685 916; baseline -0.007 -12"><span class='ocrx_word' id='word_1_50' title='bbox 97 859 259 916; x_wconf 87' lang='lat' dir='ltr'>lares,</span> <span class='ocrx_word' id='word_1_51' title='bbox 322 856 526 904; x_wconf 88' lang='lat' dir='ltr'>interne</span> <span class='ocrx_word' id='word_1_52' title='bbox 583 857 862 903; x_wconf 87' lang='lat' dir='ltr'>secundum</span> <span class='ocrx_word' id='word_1_53' title='bbox 913 853 1288 916; x_wconf 77' lang='lat' dir='ltr'>longitudinem</span> <span class='ocrx_word' id='word_1_54' title='bbox 1347 850 1685 898; x_wconf 83' lang='lat' dir='ltr'>dehiscentes.</span> 
     </span>
     <span class='ocr_line' id='line_1_10' title="bbox 100 923 1686 992; baseline -0.007 -12"><span class='ocrx_word' id='word_1_55' title='bbox 100 932 351 980; x_wconf 84' lang='lat' dir='ltr'>Ovarium</span> <span class='ocrx_word' id='word_1_56' title='bbox 385 933 633 992; x_wconf 83' lang='lat' dir='ltr'>inferum,</span> <span class='ocrx_word' id='word_1_57' title='bbox 675 931 1020 992; x_wconf 66' lang='lat' dir='ltr'>uniloculareg,</span> <span class='ocrx_word' id='word_1_58' title='bbox 1064 930 1222 976; x_wconf 92' lang='lat' dir='ltr'>ovulo</span> <span class='ocrx_word' id='word_1_59' title='bbox 1255 927 1497 988; x_wconf 81' lang='lat' dir='ltr'>pendulo.</span> <span class='ocrx_word' id='word_1_60' title='bbox 1566 923 1686 984; x_wconf 83' lang='lat' dir='ltr'>Sty-</span> 
     </span>
     <span class='ocr_line' id='line_1_11' title="bbox 98 999 1686 1068; baseline -0.008 -11"><span class='ocrx_word' id='word_1_61' title='bbox 98 1011 181 1057; x_wconf 86' lang='lat' dir='ltr'>lus</span> <span class='ocrx_word' id='word_1_62' title='bbox 210 1006 469 1055; x_wconf 81' lang='lat' dir='ltr'>filiformis</span> <span class='ocrx_word' id='word_1_63' title='bbox 507 1008 594 1054; x_wconf 85' lang='lat' dir='ltr'>vel</span> <span class='ocrx_word' id='word_1_64' title='bbox 638 1007 828 1054; x_wconf 88' lang='lat' dir='ltr'>nullus.</span> <span class='ocrx_word' id='word_1_65' title='bbox 904 1005 1102 1068; x_wconf 79' lang='lat' dir='ltr'>Stigma</span> <span class='ocrx_word' id='word_1_66' title='bbox 1146 1002 1437 1065; x_wconf 82' lang='lat' dir='ltr'>capitatum.</span> <span class='ocrx_word' id='word_1_67' title='bbox 1521 999 1686 1046; x_wconf 82' lang='lat' dir='ltr'>Bacca</span> 
     </span>
     <span class='ocr_line' id='line_1_12' title="bbox 96 1074 1686 1145; baseline -0.007 -13"><span class='ocrx_word' id='word_1_68' title='bbox 96 1098 484 1145; x_wconf 84' lang='lat' dir='ltr'>monosperma,</span> <span class='ocrx_word' id='word_1_69' title='bbox 536 1082 714 1145; x_wconf 84' lang='lat' dir='ltr'>calyce</span> <span class='ocrx_word' id='word_1_70' title='bbox 756 1082 1002 1144; x_wconf 86' lang='lat' dir='ltr'>discoque</span> <span class='ocrx_word' id='word_1_71' title='bbox 1044 1079 1442 1144; x_wconf 84' lang='lat' dir='ltr'>persistentibus</span> <span class='ocrx_word' id='word_1_72' title='bbox 1484 1074 1686 1124; x_wconf 87' lang='lat' dir='ltr'>umbili-</span> 
     </span>
     <span class='ocr_line' id='line_1_13' title="bbox 99 1155 1687 1221; baseline -0.008 -11"><span class='ocrx_word' id='word_1_73' title='bbox 99 1165 227 1212; x_wconf 77' lang='lat' dir='ltr'>cata.</span> <span class='ocrx_word' id='word_1_74' title='bbox 282 1159 468 1207; x_wconf 86' lang='lat' dir='ltr'>Semen</span> <span class='ocrx_word' id='word_1_75' title='bbox 488 1160 783 1221; x_wconf 85' lang='lat' dir='ltr'>pendulum.</span> <span class='ocrx_word' id='word_1_76' title='bbox 825 1160 1242 1220; x_wconf 80' lang='lat' dir='ltr'>Integumentum</span> <span class='ocrx_word' id='word_1_77' title='bbox 1268 1155 1507 1216; x_wconf 87' lang='lat' dir='ltr'>simplex,</span> <span class='ocrx_word' id='word_1_78' title='bbox 1532 1167 1687 1199; x_wconf 89' lang='lat' dir='ltr'>mem-</span> 
     </span>
     <span class='ocr_line' id='line_1_14' title="bbox 95 1234 1685 1292; baseline -0.008 -6"><span class='ocrx_word' id='word_1_79' title='bbox 95 1240 422 1286; x_wconf 86' lang='lat' dir='ltr'>branaceum.</span> <span class='ocrx_word' id='word_1_80' title='bbox 507 1236 768 1283; x_wconf 84' lang='lat' dir='ltr'>Albumen</span> <span class='ocrx_word' id='word_1_81' title='bbox 809 1234 991 1282; x_wconf 88' lang='lat' dir='ltr'>semini</span> <span class='ocrx_word' id='word_1_82' title='bbox 1043 1235 1336 1292; x_wconf 80' lang='lat' dir='ltr'>conforme,</span> <span class='ocrx_word' id='word_1_83' title='bbox 1396 1243 1685 1278; x_wconf 87' lang='lat' dir='ltr'>carnosum.</span> 
     </span>
     <span class='ocr_line' id='line_1_15' title="bbox 96 1306 1686 1376; baseline -0.008 -13"><span class='ocrx_word' id='word_1_84' title='bbox 96 1315 330 1376; x_wconf 84' lang='lat' dir='ltr'>Embryo</span> <span class='ocrx_word' id='word_1_85' title='bbox 362 1312 621 1373; x_wconf 88' lang='lat' dir='ltr'>inclusus,</span> <span class='ocrx_word' id='word_1_86' title='bbox 656 1310 824 1360; x_wconf 85' lang='lat' dir='ltr'>axilis.</span> <span class='ocrx_word' id='word_1_87' title='bbox 889 1309 1144 1358; x_wconf 81' lang='lat' dir='ltr'>Radicula</span> <span class='ocrx_word' id='word_1_88' title='bbox 1178 1323 1380 1370; x_wconf 85' lang='lat' dir='ltr'>supera.</span> <span class='ocrx_word' id='word_1_89' title='bbox 1446 1306 1686 1354; x_wconf 77' lang='lat' dir='ltr'>Frutiees</span> 
     </span>
     <span class='ocr_line' id='line_1_16' title="bbox 86 1381 1686 1455; baseline -0.007 -17"><span class='ocrx_word' id='word_1_90' title='bbox 86 1390 402 1455; x_wconf 78' lang='lat' dir='ltr'>parasitici,</span> <span class='ocrx_word' id='word_1_91' title='bbox 435 1389 620 1435; x_wconf 81' lang='lat' dir='ltr'>rarius</span> <span class='ocrx_word' id='word_1_92' title='bbox 651 1386 894 1447; x_wconf 80' lang='lat' dir='ltr'>arbores,</span> <span class='ocrx_word' id='word_1_93' title='bbox 919 1386 1234 1449; x_wconf 77' lang='lat' dir='ltr'>plerumque</span> <span class='ocrx_word' id='word_1_94' title='bbox 1259 1383 1471 1448; x_wconf 81' lang='lat' dir='ltr'>glabra.</span> <span class='ocrx_word' id='word_1_95' title='bbox 1528 1381 1686 1428; x_wconf 77' lang='lat' dir='ltr'>Folia</span> 
     </span>
     <span class='ocr_line' id='line_1_17' title="bbox 99 1457 1684 1531; baseline -0.006 -17"><span class='ocrx_word' id='word_1_96' title='bbox 99 1466 379 1531; x_wconf 75' lang='lat' dir='ltr'>opposita,</span> <span class='ocrx_word' id='word_1_97' title='bbox 423 1465 606 1512; x_wconf 81' lang='lat' dir='ltr'>rarius</span> <span class='ocrx_word' id='word_1_98' title='bbox 638 1479 864 1527; x_wconf 78' lang='lat' dir='ltr'>sparsa,</span> <span class='ocrx_word' id='word_1_99' title='bbox 904 1462 1166 1511; x_wconf 82' lang='lat' dir='ltr'>interdum</span> <span class='ocrx_word' id='word_1_100' title='bbox 1200 1461 1275 1507; x_wconf 84' lang='lat' dir='ltr'>ad</span> <span class='ocrx_word' id='word_1_101' title='bbox 1303 1474 1556 1523; x_wconf 80' lang='lat' dir='ltr'>squamas</span> <span class='ocrx_word' id='word_1_102' title='bbox 1589 1457 1684 1505; x_wconf 80' lang='lat' dir='ltr'>ab·-</span> 
     </span>
     <span class='ocr_line' id='line_1_18' title="bbox 99 1538 1686 1602; baseline -0.008 -10"><span class='ocrx_word' id='word_1_103' title='bbox 99 1543 373 1592; x_wconf 81' lang='lat' dir='ltr'>breviatas</span> <span class='ocrx_word' id='word_1_104' title='bbox 414 1541 664 1602; x_wconf 81' lang='lat' dir='ltr'>redacta,</span> <span class='ocrx_word' id='word_1_105' title='bbox 720 1540 974 1588; x_wconf 78' lang='lat' dir='ltr'>coriacea</span> <span class='ocrx_word' id='word_1_106' title='bbox 1017 1538 1103 1586; x_wconf 82' lang='lat' dir='ltr'>vel</span> <span class='ocrx_word' id='word_1_107' title='bbox 1150 1552 1409 1596; x_wconf 78' lang='lat' dir='ltr'>carnosa,</span> <span class='ocrx_word' id='word_1_108' title='bbox 1460 1538 1686 1598; x_wconf 79' lang='lat' dir='ltr'>integra.</span> 
     </span>
     <span class='ocr_line' id='line_1_19' title="bbox 97 1612 1686 1678; baseline -0.006 -11"><span class='ocrx_word' id='word_1_109' title='bbox 97 1621 292 1667; x_wconf 83' lang='lat' dir='ltr'>Flores</span> <span class='ocrx_word' id='word_1_110' title='bbox 311 1618 589 1678; x_wconf 77' lang='lat' dir='ltr'>axillares,</span> <span class='ocrx_word' id='word_1_111' title='bbox 616 1618 799 1664; x_wconf 82' lang='lat' dir='ltr'>alares</span> <span class='ocrx_word' id='word_1_112' title='bbox 821 1620 874 1664; x_wconf 78' lang='lat' dir='ltr'>et</span> <span class='ocrx_word' id='word_1_113' title='bbox 905 1615 1222 1675; x_wconf 72' lang='lat' dir='ltr'>terminales,</span> <span class='ocrx_word' id='word_1_114' title='bbox 1251 1614 1504 1673; x_wconf 73' lang='lat' dir='ltr'>solitarii,</span> <span class='ocrx_word' id='word_1_115' title='bbox 1529 1612 1686 1662; x_wconf 84' lang='lat' dir='ltr'>terni-</span> 
     </span>
     <span class='ocr_line' id='line_1_20' title="bbox 100 1691 1683 1759; baseline -0.004 -16"><span class='ocrx_word' id='word_1_116' title='bbox 100 1696 271 1759; x_wconf 74' lang='lat' dir='ltr'>quini,</span> <span class='ocrx_word' id='word_1_117' title='bbox 306 1695 529 1758; x_wconf 82' lang='lat' dir='ltr'>spicati,</span> <span class='ocrx_word' id='word_1_118' title='bbox 563 1693 830 1742; x_wconf 71' lang='lat' dir='ltr'>racemo-si</span> <span class='ocrx_word' id='word_1_119' title='bbox 861 1692 950 1739; x_wconf 83' lang='lat' dir='ltr'>vel</span> <span class='ocrx_word' id='word_1_120' title='bbox 979 1691 1303 1757; x_wconf 63' lang='lat' dir='ltr'>corymbo-92⁹,</span> <span class='ocrx_word' id='word_1_121' title='bbox 1338 1691 1683 1753; x_wconf 71' lang='lat' dir='ltr'>hermaphro-</span> 
     </span>
     <span class='ocr_line' id='line_1_21' title="bbox 98 1769 835 1835; baseline -0.007 -15"><span class='ocrx_word' id='word_1_122' title='bbox 98 1772 222 1835; x_wconf 79' lang='lat' dir='ltr'>diti,</span> <span class='ocrx_word' id='word_1_123' title='bbox 254 1771 500 1820; x_wconf 80' lang='lat' dir='ltr'>monoeci</span> <span class='ocrx_word' id='word_1_124' title='bbox 530 1770 617 1818; x_wconf 84' lang='lat' dir='ltr'>vel</span> <span class='ocrx_word' id='word_1_125' title='bbox 647 1769 835 1817; x_wconf 80' lang='lat' dir='ltr'>dioeci.</span> 
     </span>
    </p>
   </div>
   <div class='ocr_carea' id='block_1_4' title="bbox 654 1879 1130 1945">
    <p class='ocr_par' dir='ltr' id='par_1_4' title="bbox 654 1879 1130 1945">
     <span class='ocr_line' id='line_1_22' title="bbox 654 1879 1130 1945; baseline -0.015 0"><span class='ocrx_word' id='word_1_126' title='bbox 654 1885 905 1945; x_wconf 81' lang='lat' dir='ltr'>VlchM</span> <span class='ocrx_word' id='word_1_127' title='bbox 948 1879 1130 1939; x_wconf 78' lang='lat' dir='ltr'>Lz‘nn.</span> 
     </span>
    </p>
   </div>
   <div class='ocr_carea' id='block_1_5' title="bbox 96 1984 1689 2674">
    <p class='ocr_par' dir='ltr' id='par_1_5' title="bbox 96 1984 1689 2674">
     <span class='ocr_line' id='line_1_23' title="bbox 209 1984 1686 2042; baseline -0.003 -9"><span class='ocrx_word' id='word_1_128' title='bbox 209 1991 380 2033; x_wconf 88' lang='lat' dir='ltr'>Flores</span> <span class='ocrx_word' id='word_1_129' title='bbox 410 1990 484 2032; x_wconf 85' lang='lat' dir='ltr'>di·</span> <span class='ocrx_word' id='word_1_130' title='bbox 515 1989 592 2032; x_wconf 90' lang='lat' dir='ltr'>vel</span> <span class='ocrx_word' id='word_1_131' title='bbox 621 1988 854 2031; x_wconf 87' lang='lat' dir='ltr'>monoeci.</span> <span class='ocrx_word' id='word_1_132' title='bbox 903 1985 1082 2040; x_wconf 83' lang='lat' dir='ltr'>Calyx:</span> <span class='ocrx_word' id='word_1_133' title='bbox 1114 1997 1287 2042; x_wconf 78' lang='lat' dir='ltr'>margo</span> <span class='ocrx_word' id='word_1_134' title='bbox 1319 1984 1586 2037; x_wconf 87' lang='lat' dir='ltr'>obsoletus,</span> <span class='ocrx_word' id='word_1_135' title='bbox 1615 1989 1686 2029; x_wconf 88' lang='lat' dir='ltr'>in—</span> 
     </span>
     <span class='ocr_line' id='line_1_24' title="bbox 98 2054 1686 2119; baseline -0.003 -16"><span class='ocrx_word' id='word_1_136' title='bbox 98 2064 259 2119; x_wconf 81' lang='lat' dir='ltr'>teger,</span> <span class='ocrx_word' id='word_1_137' title='bbox 288 2059 340 2102; x_wconf 89' lang='lat' dir='ltr'>in</span> <span class='ocrx_word' id='word_1_138' title='bbox 368 2058 570 2103; x_wconf 87' lang='lat' dir='ltr'>floribus</span> <span class='ocrx_word' id='word_1_139' title='bbox 599 2057 825 2101; x_wconf 87' lang='lat' dir='ltr'>masculis</span> <span class='ocrx_word' id='word_1_140' title='bbox 855 2056 1035 2103; x_wconf 87' lang='lat' dir='ltr'>nullus.</span> <span class='ocrx_word' id='word_1_141' title='bbox 1092 2054 1265 2097; x_wconf 82' lang='lat' dir='ltr'>Petala</span> <span class='ocrx_word' id='word_1_142' title='bbox 1293 2056 1346 2111; x_wconf 87' lang='grc'>4,</span> <span class='ocrx_word' id='word_1_143' title='bbox 1378 2054 1484 2097; x_wconf 86' lang='lat' dir='ltr'>basi</span> <span class='ocrx_word' id='word_1_144' title='bbox 1515 2055 1686 2098; x_wconf 80' lang='lat' dir='ltr'>latiore</span> 
     </span>
     <span class='ocr_line' id='line_1_25' title="bbox 97 2123 1687 2191; baseline -0.004 -18"><span class='ocrx_word' id='word_1_145' title='bbox 97 2130 269 2173; x_wconf 86' lang='lat' dir='ltr'>leviter</span> <span class='ocrx_word' id='word_1_146' title='bbox 292 2127 487 2185; x_wconf 86' lang='lat' dir='ltr'>juncta,</span> <span class='ocrx_word' id='word_1_147' title='bbox 518 2128 731 2174; x_wconf 83' lang='lat' dir='ltr'>decidua.</span> <span class='ocrx_word' id='word_1_148' title='bbox 789 2125 1037 2169; x_wconf 83' lang='lat' dir='ltr'>Antherae</span> <span class='ocrx_word' id='word_1_149' title='bbox 1068 2126 1119 2179; x_wconf 85' lang='grc'>4,</span> <span class='ocrx_word' id='word_1_150' title='bbox 1152 2123 1370 2179; x_wconf 86' lang='lat' dir='ltr'>sessiles,</span> <span class='ocrx_word' id='word_1_151' title='bbox 1401 2123 1575 2191; x_wconf 64' lang='lat' dir='ltr'>petalis</span> <span class='ocrx_word' id='word_1_152' title='bbox 1607 2125 1687 2168; x_wconf 88' lang='lat' dir='ltr'>ad-</span> 
     </span>
     <span class='ocr_line' id='line_1_26' title="bbox 96 2192 1687 2254; baseline -0.004 -10"><span class='ocrx_word' id='word_1_153' title='bbox 96 2203 255 2244; x_wconf 85' lang='lat' dir='ltr'>natae.</span> <span class='ocrx_word' id='word_1_154' title='bbox 316 2198 545 2242; x_wconf 85' lang='lat' dir='ltr'>Ovarium</span> <span class='ocrx_word' id='word_1_155' title='bbox 584 2197 803 2242; x_wconf 80' lang='lat' dir='ltr'>inferum.</span> <span class='ocrx_word' id='word_1_156' title='bbox 869 2195 1054 2254; x_wconf 78' lang='lat' dir='ltr'>Stigma</span> <span class='ocrx_word' id='word_1_157' title='bbox 1094 2192 1289 2244; x_wconf 86' lang='lat' dir='ltr'>sessile,</span> <span class='ocrx_word' id='word_1_158' title='bbox 1330 2193 1687 2250; x_wconf 83' lang='lat' dir='ltr'>glandulosum‚</span> 
     </span>
     <span class='ocr_line' id='line_1_27' title="bbox 97 2261 1688 2323; baseline -0.004 -10"><span class='ocrx_word' id='word_1_159' title='bbox 97 2268 522 2313; x_wconf 84' lang='lat' dir='ltr'>suborbiculatum.</span> <span class='ocrx_word' id='word_1_160' title='bbox 586 2267 743 2310; x_wconf 83' lang='lat' dir='ltr'>Bacca</span> <span class='ocrx_word' id='word_1_161' title='bbox 779 2277 1137 2323; x_wconf 84' lang='lat' dir='ltr'>monosperma,</span> <span class='ocrx_word' id='word_1_162' title='bbox 1177 2262 1473 2310; x_wconf 83' lang='lat' dir='ltr'>umbilicata.</span> <span class='ocrx_word' id='word_1_163' title='bbox 1533 2261 1688 2307; x_wconf 70' lang='lat' dir='ltr'>Fruti-</span> 
     </span>
     <span class='ocr_line' id='line_1_28' title="bbox 98 2333 1688 2394; baseline -0.002 -13"><span class='ocrx_word' id='word_1_164' title='bbox 98 2352 174 2382; x_wconf 86' lang='lat' dir='ltr'>ces</span> <span class='ocrx_word' id='word_1_165' title='bbox 205 2340 288 2381; x_wconf 82' lang='lat' dir='ltr'>aut</span> <span class='ocrx_word' id='word_1_166' title='bbox 321 2338 594 2394; x_wconf 58' lang='lat' dir='ltr'>sqffrutices</span> <span class='ocrx_word' id='word_1_167' title='bbox 616 2336 900 2392; x_wconf 76' lang='lat' dir='ltr'>parasitici;</span> <span class='ocrx_word' id='word_1_168' title='bbox 934 2335 1075 2379; x_wconf 80' lang='lat' dir='ltr'>ramis</span> <span class='ocrx_word' id='word_1_169' title='bbox 1105 2333 1334 2389; x_wconf 72' lang='lat' dir='ltr'>oppositis</span> <span class='ocrx_word' id='word_1_170' title='bbox 1370 2337 1452 2376; x_wconf 81' lang='lat' dir='ltr'>aut</span> <span class='ocrx_word' id='word_1_171' title='bbox 1475 2334 1688 2378; x_wconf 74' lang='lat' dir='ltr'>dichoto-</span> 
     </span>
     <span class='ocr_line' id='line_1_29' title="bbox 96 2402 1686 2465; baseline -0.003 -13"><span class='ocrx_word' id='word_1_172' title='bbox 96 2411 192 2453; x_wconf 72' lang='lat' dir='ltr'>mis.</span> <span class='ocrx_word' id='word_1_173' title='bbox 250 2406 395 2451; x_wconf 74' lang='lat' dir='ltr'>Folia</span> <span class='ocrx_word' id='word_1_174' title='bbox 422 2408 688 2465; x_wconf 70' lang='lat' dir='ltr'>saepissime</span> <span class='ocrx_word' id='word_1_175' title='bbox 719 2407 958 2464; x_wconf 78' lang='lat' dir='ltr'>opposita,</span> <span class='ocrx_word' id='word_1_176' title='bbox 999 2404 1220 2448; x_wconf 76' lang='lat' dir='ltr'>coriacea</span> <span class='ocrx_word' id='word_1_177' title='bbox 1245 2402 1328 2447; x_wconf 78' lang='lat' dir='ltr'>vel</span> <span class='ocrx_word' id='word_1_178' title='bbox 1353 2417 1573 2460; x_wconf 83' lang='lat' dir='ltr'>carnosa,</span> <span class='ocrx_word' id='word_1_179' title='bbox 1615 2408 1686 2448; x_wconf 78' lang='lat' dir='ltr'>in·</span> 
     </span>
     <span class='ocr_line' id='line_1_30' title="bbox 98 2473 1686 2534; baseline -0.001 -14"><span class='ocrx_word' id='word_1_180' title='bbox 98 2478 363 2534; x_wconf 79' lang='lat' dir='ltr'>tegerrima,</span> <span class='ocrx_word' id='word_1_181' title='bbox 395 2478 623 2521; x_wconf 78' lang='lat' dir='ltr'>interdum</span> <span class='ocrx_word' id='word_1_182' title='bbox 652 2478 716 2520; x_wconf 82' lang='lat' dir='ltr'>ad</span> <span class='ocrx_word' id='word_1_183' title='bbox 741 2488 953 2533; x_wconf 78' lang='lat' dir='ltr'>squamas</span> <span class='ocrx_word' id='word_1_184' title='bbox 983 2473 1278 2516; x_wconf 73' lang='lat' dir='ltr'>abbreviatas</span> <span class='ocrx_word' id='word_1_185' title='bbox 1306 2475 1514 2518; x_wconf 81' lang='lat' dir='ltr'>redacta.</span> <span class='ocrx_word' id='word_1_186' title='bbox 1573 2474 1686 2518; x_wconf 77' lang='lat' dir='ltr'>Flo-</span> 
     </span>
     <span class='ocr_line' id='line_1_31' title="bbox 98 2543 1689 2604; baseline -0.001 -15"><span class='ocrx_word' id='word_1_187' title='bbox 98 2561 175 2590; x_wconf 81' lang='lat' dir='ltr'>res</span> <span class='ocrx_word' id='word_1_188' title='bbox 204 2546 453 2604; x_wconf 71' lang='lat' dir='ltr'>axu‘llaree,</span> <span class='ocrx_word' id='word_1_189' title='bbox 483 2548 640 2590; x_wconf 85' lang='lat' dir='ltr'>alares</span> <span class='ocrx_word' id='word_1_190' title='bbox 671 2550 717 2591; x_wconf 82' lang='lat' dir='ltr'>et</span> <span class='ocrx_word' id='word_1_191' title='bbox 744 2544 1017 2600; x_wconf 79' lang='lat' dir='ltr'>terminales,</span> <span class='ocrx_word' id='word_1_192' title='bbox 1047 2543 1269 2598; x_wconf 70' lang='lat' dir='ltr'>solitarii,</span> <span class='ocrx_word' id='word_1_193' title='bbox 1300 2547 1432 2600; x_wconf 75' lang='lat' dir='ltr'>terni,</span> <span class='ocrx_word' id='word_1_194' title='bbox 1464 2546 1591 2602; x_wconf 74' lang='lat' dir='ltr'>quini</span> <span class='ocrx_word' id='word_1_195' title='bbox 1612 2547 1689 2589; x_wconf 75' lang='lat' dir='ltr'>cel</span> 
     </span>
     <span class='ocr_line' id='line_1_32' title="bbox 98 2616 573 2674; baseline 0.002 -13"><span class='ocrx_word' id='word_1_196' title='bbox 98 2619 292 2674; x_wconf 79' lang='lat' dir='ltr'>spicati,</span> <span class='ocrx_word' id='word_1_197' title='bbox 332 2616 573 2663; x_wconf 64' lang='lat' dir='ltr'>brac-teate:</span> 
     </span>
    </p>
   </div>
  </div>
 </body>
</html>
