1918 3130
756 159 1068 222 Crataegus.
1607 166 1700 214 205

120 283 179 342 5,
214 280 350 328 rauci
383 279 575 344 calycis
609 281 831 344 inserta3
870 283 1204 345 praefloratio
1236 283 1519 333 imbricata.
1587 285 1699 334 Sta-

119 355 256 402 mina
291 355 496 404 circiter
535 360 624 418 20,
665 359 925 407 interdum
957 361 1134 422 plura,
1168 360 1356 408 ibidem
1389 361 1612 423 inserta,
1645 362 1700 409 in

121 431 380 479 alabastro
413 431 696 484 incurvata.
761 434 976 483 Discus:
1013 436 1228 483 materia
1260 436 1448 497 tenuis,
1483 438 1699 498 glandu-

118 506 256 568 losa,
297 509 506 569 mellea,
547 511 748 557 faucem
790 510 982 573 calycis
1025 515 1076 558 et
1117 511 1365 559 verticem
1399 513 1699 561 ovariorum

120 584 396 631 obducens.
462 585 666 633 Pistilla
707 589 885 648 1—5,
927 602 1040 634 cum
1083 588 1212 634 tubo
1255 587 1445 649 calycis
1482 592 1532 636 et
1563 588 1699 636 inter

120 674 176 706 se
226 660 391 722 magis
445 662 682 709 minusve
732 666 985 709 concreta.
1084 662 1254 709 Ovula
1300 663 1530 726 gemina,
1594 667 1697 712 col-

118 736 380 797 lateralia,
434 738 821 797 adscendentia,
886 737 1056 784 rarius
1112 738 1262 798 plura
1313 741 1396 785 vel
1450 741 1696 788 solitaria.

119 810 258 873 Styli
292 814 446 871 1-5,
478 812 629 859 liberi
665 813 746 859 vel
778 811 979 859 inferne
1011 813 1231 860 connati.
1293 812 1544 876 Stigmata
1578 816 1697 863 sim·

118 886 285 948 plicia.
350 887 573 934 Fructus
608 902 881 948 carnosuS,
926 888 1390 951 1—5-locularis,
1433 890 1698 939 rarissime

119 963 204 1022 (in
236 963 615 1011 Amelanchieri
647 960 879 1025 Medic.)
923 964 1082 1025 septis
1118 963 1308 1025 spuriis
1351 968 1693 1016 10-locula1·e.

117 1038 498 1100 Endocarpium
551 1040 1024 1101 membranaceum,
1075 1044 1560 1101 pergamentaceum
1610 1043 1696 1090 vel

119 1129 340 1161 osseum.
407 1113 612 1162 Semina
645 1115 893 1176 solitaria,
928 1115 1131 1177 gemina
1164 1117 1250 1162 vel
1281 1118 1450 1178 plura,
1487 1119 1696 1165 adscen-

119 1191 306 1238 dentia.
373 1191 629 1237 Albumen
671 1192 886 1238 nullum.
961 1192 1192 1252 Embryo
1233 1195 1421 1239 rectus.
1489 1193 1695 1254 Cotyle-

119 1268 279 1313 dones
313 1266 511 1327 planae,
545 1265 808 1313 rarissime
844 1264 924 1328 (in
959 1266 1314 1314 Chamaemele
1346 1267 1542 1328 Linde.)
1577 1283 1696 1316 con·

117 1343 342 1389 volutae.
392 1341 645 1388 Radicula
677 1341 858 1389 infera.
909 1341 1152 1388 Arbores
1186 1345 1272 1391 vel
1281 1345 1538 1402 frutices.
1587 1345 1693 1392 Fo-

119 1419 191 1466 lia
225 1433 439 1481 sparsa,
474 1417 737 1479 simplicia
769 1416 855 1462 vel
883 1418 1197 1479 composita,
1228 1419 1539 1481 stspulacea.
1584 1422 1692 1468 Sti-

107 1494 276 1557 pulae
299 1492 496 1540 liberae
529 1493 617 1539 vel
631 1492 804 1555 paulo
839 1491 1085 1553 adnatae,
1122 1493 1389 1543 deciduae.
1433 1496 1693 1555 Inflare&-

120 1570 293 1617 centia
326 1569 639 1628 terminalis,
673 1568 988 1631 plerumque
1027 1584 1332 1631 racemosa,
1377 1571 1697 1635 corymbo-sa

119 1647 207 1694 vel
227 1660 462 1710 cyma-sa,
492 1643 751 1691 interdum
778 1645 1044 1692 axillaris.
1087 1646 1279 1693 Flores
1303 1645 1414 1694 albi
1439 1647 1525 1695 vel
1534 1647 1694 1696 rosei.

554 1732 929 1790 Conspectus
965 1747 1258 1792 generum.

229 1815 270 1857 l.
328 1810 681 1866 Endocarpium
711 1823 913 1853 osseum.
960 1811 1333 1867 (nuculanium.)

313 1895 356 1926 a.
413 1880 614 1922 Fructus
632 1881 807 1922 vertice
824 1880 1065 1922 discoideo
1082 1884 1361 1924 contracto·
1390 1880 1672 1940 CratacguS.

313 1950 357 1990 b.
415 1948 615 1991 Fructus
644 1949 821 1990 vertice
852 1948 1092 1991 discoideo
1123 1950 1314 2006 amplo-
1343 1974 1363 1983 -
1391 1951 1638 2008 MespiluS.

229 2022 267 2062 2.
324 2017 677 2072 Endocarpium
707 2017 1363 2076 chartaceo-cartilagineum
1609 2034 1612 2037 ⁴

507 2085 750 2141 (pomum)
797 2107 1363 2120 ------------
1392 2087 1563 2142 Pyrus.

227 2159 268 2202 3.
326 2155 673 2210 Endocarpium
724 2155 1135 2199 membranaceum
1148 2187 1161 2212 ,
1214 2156 1363 2200 molle

503 2223 704 2278 (bacca)
749 2244 1360 2259 -------------
1392 2224 1587 2270 Sorbus.

608 2394 992 2454 CRATAEGUS
1034 2391 1214 2453 Linn.

231 2493 386 2549 Calyx
415 2493 532 2539 tubo
555 2507 658 2536 cum
679 2495 854 2537 ovariis
875 2498 1140 2550 concretus,
1170 2493 1320 2537 limbo
1343 2495 1689 2553 quinquefidus.

116 2562 287 2605 Petala
323 2566 372 2617 5,
411 2563 559 2605 limbo
599 2563 776 2618 calycis
816 2564 1011 2605 inserta.
1085 2563 1299 2608 Stamina
1333 2566 1391 2608 20
1425 2565 1506 2608 vel
1534 2566 1690 2622 plura,

117 2632 291 2674 ibidem
321 2632 515 2679 inserta.
577 2633 803 2676 Ovarium
834 2632 1052 2683 inferum,
1084 2635 1109 2677 1
1128 2657 1179 2665 -
1198 2633 1499 2686 5-loculare3
1531 2634 1687 2677 ovulis

115 2703 170 2752 2,
224 2700 607 2757 collateralibus,
655 2701 1064 2748 adscendentibus,
1140 2701 1263 2758 scyli
1308 2704 1334 2747 1
1353 2705 1466 2759 —5,
1512 2702 1688 2762 glabri.

116 2769 318 2815 Fructus
340 2783 568 2816 carnosus
580 2771 948 2829 (nuculanium),
975 2773 1155 2818 vertice
1170 2772 1410 2817 discoideo
1440 2774 1687 2817 contracto
