1918 3130
720 128 1103 192 Umbellfferae.
1606 123 1699 172 257

126 259 299 320 cretis,
337 258 423 305 axi
452 257 666 305 centrali
693 251 1056 318 (carpopodio)
1084 247 1407 311 interposita,
1442 248 1699 294 constans.

125 334 365 396 Carpidia
400 332 731 398 (Mericarpia
766 332 942 391 caud,
976 328 1168 387 Koch.)
1203 337 1580 385 monosperma,
1616 335 1701 368 ex-

125 415 272 461 terne
313 411 471 459 costis
513 409 715 472 (jugis)
751 405 1024 456 lineolisve
1057 407 1086 453 5
1119 399 1580 464 longitudinalibus
1613 411 1702 444 no·

125 491 235 535 tata
274 484 604 551 (interstitiis
649 478 966 550 [valleculis]
1008 478 1160 528 nudis
1201 479 1286 525 vel
1328 476 1486 524 costis
1527 487 1705 522 secun-

128 562 286 610 dariis
322 562 596 623 obtectis),
632 557 1028 618 indebiscentia,
1063 558 1264 602 matura
1294 551 1594 614 saepissime
1626 563 1706 596 so-

127 638 306 686 lubilia
341 643 391 686 et
424 637 555 700 apici
588 636 794 698 utrique
827 634 941 681 axis
974 633 1117 680 bifidi
1159 643 1409 691 suspensa
1443 631 1494 675 et
1525 627 1596 673 ita
1629 639 1709 672 rc·

128 715 401 763 manentia.
480 714 696 761 Canales
736 708 1141 774 gummi-resina
1184 708 1440 753 scatentes
1476 698 1709 764 (vittae)

126 791 264 839 intra
296 790 639 852 pericarpium
671 787 939 850 proprium
971 784 1290 844 nidulantes,
1324 780 1583 827 interdum
1614 775 1710 824 sub

128 868 425 916 membrana
464 864 675 928 propria
719 860 1041 926 (pericarpio
1088 858 1251 920 vero)
1295 857 1544 905 occlusae.
1622 851 1710 899 Se·

129 959 247 990 men
293 945 598 1004 plerumque
648 938 937 1002 pericarpio
989 937 1246 983 adnatum.
1329 932 1588 979 Albumen
1635 942 1710 974 se-

130 1018 254 1066 mini
287 1020 578 1078 conforme,
612 1030 886 1064 carnosum
919 1014 1006 1060 vel
1040 1012 1398 1060 subcorneum.
1480 1005 1713 1066 Embryo

130 1095 360 1143 minutus
378 1130 391 1156 ,
424 1094 478 1141 in
511 1093 654 1155 apice
677 1089 952 1139 albuminis
976 1089 1223 1136 inclusus.
1278 1082 1531 1133 Radicula
1551 1080 1713 1127 hilum

132 1175 387 1234 spectans.
459 1167 674 1216 Herbae
716 1167 803 1214 vel
839 1166 1177 1226 suffraticeS.
1264 1161 1446 1210 Cauiis
1487 1157 1714 1205 striatas

131 1249 221 1296 vel
245 1244 796 1307 sulcato-angulatas.
859 1242 1018 1289 Folia
1049 1254 1272 1304 sparsa,
1313 1235 1589 1284 rarissime
1623 1247 1715 1296 op-

121 1325 342 1390 posita,
388 1321 654 1385 simplicia
695 1320 782 1366 vel
816 1319 1036 1382 saepiu-s·
1079 1314 1379 1379 composita
1422 1317 1474 1360 et
1503 1311 1717 1374 pluries

132 1403 333 1461 divi8a3
354 1398 565 1463 petiolo
592 1396 893 1459 vaginante.
965 1391 1228 1440 Umbellae
1239 1391 1553 1454 plerumque
1576 1401 1715 1434 com-

122 1479 360 1544 positae,
393 1488 555 1538 Saepe
586 1461 970 1520 involve-raiae.
1033 1469 1226 1516 Flore-s-
1246 1466 1435 1531 parvi,
1469 1463 1595 1524 albi,
1626 1479 1716 1510 ra-

130 1557 250 1604 rius·
289 1551 509 1611 rubeni,
554 1548 788 1598 caerulei
820 1546 906 1594 vel
929 1544 1102 1607 flavi,
1144 1543 1407 1593 interdum
1428 1541 1718 1606 polygami

132 1633 219 1682 vel
248 1630 487 1679 diclineS.

581 1707 944 1764 Conspectus
988 1716 1279 1764 generum.

131 1787 169 1830 1.
199 1785 439 1829 Albumen
454 1781 582 1824 intus
596 1779 791 1835 planum
805 1775 881 1819 vel
904 1772 1268 1832 planiusculum.
1287 1768 1716 1827 (Orthospermae.)

216 1857 270 1899 A.
329 1854 532 1897 Fructus
570 1848 767 1891 nonnisi
799 1846 938 1904 jugis
967 1843 1204 1902 primariis
1234 1842 1495 1884 instructus
1525 1840 1720 1896 (secun-

380 1921 528 1963 dariis
558 1917 763 1970 nullis).

303 1994 342 2035 1.
399 1989 602 2032 Fructus
644 1985 981 2028 commissurae
1025 1981 1266 2024 contrarie
1307 1991 1604 2035 compressus
1642 1982 1718 2024 vel

466 2057 698 2111 didymus.

382 2143 423 2171 α.
482 2124 708 2169 Umbella
738 2121 954 2178 simplex.
1015 2119 1244 2175 (Fructus
1275 2116 1540 2171 evittatuS.)

1213 2186 1556 2243 Hydrocotyle.

385 2269 426 2312 b.
484 2262 710 2308 Umbella
741 2259 1016 2317 composita.
1067 2258 1298 2314 (Fructus
1327 2256 1602 2314 plerumque
1632 2258 1717 2302 vit-

543 2333 711 2388 tatus)

442 2421 486 2448 α.
541 2402 683 2445 Folia
712 2400 916 2444 indivisa
928 2420 1190 2433 ------
1220 2395 1524 2454 Bupleurum.

440 2478 478 2528 β.
539 2472 679 2516 Folia
706 2469 840 2513 varie
871 2468 1023 2511 divisa
1053 2470 1101 2510 et
1132 2466 1411 2523 composita.

516 2541 552 2597 -ι-
605 2539 889 2584 Valleculae
917 2537 1220 2580 univittatae.

601 2610 629 2638 ὓ
658 2609 830 2652 Petala
862 2610 1027 2663 ovata,
1065 2607 1281 2664 integra,
1317 2605 1450 2662 apice
1479 2607 1611 2647 recto
1642 2604 1719 2648 vel

693 2678 885 2722 inflexo.
954 2676 1185 2732 (Fructus
1222 2676 1392 2722 ovatus
1429 2673 1519 2716 vel·
1546 2673 1718 2717 oblon-

696 2748 825 2806 gus.)
837 2768 1194 2784 --------
1224 2742 1596 2789 Helosciadium.
