1918 3130
229 199 324 247 214
819 197 1218 259 Leguminosae.

231 320 529 383 saepissime
554 318 842 380 inaequalia
868 319 1129 381 etlibera3
1159 315 1489 380 praefloratio
1523 313 1807 377 imbricata,

229 398 400 445 rarius
448 396 668 442 valvata.
750 395 979 444 Stamina
1029 396 1208 457 dupla,
1257 395 1515 442 interdum
1563 392 1808 454 pauciora

230 474 320 519 vel
367 473 543 533 plura,
593 471 784 519 ibidem
832 472 1052 533 inserta,
1104 472 1158 518 in
1207 470 1415 518 corollis
1465 466 1808 530 monopetalis

229 550 534 609 plerumque
568 548 843 609 epipetala,
877 563 1061 595 mono·
1096 548 1181 594 vel
1212 547 1508 606 diadelpha,
1548 544 1809 591 interdum

231 623 487 670 distincta.
558 623 824 672 Antherae
862 623 1202 686 biloculares,
1252 620 1494 682 mobiles,
1535 619 1807 666 introrsae.

232 697 484 746 Ovarium
501 697 719 746 liberum
732 735 745 760 ,
765 699 1111 760 uniloculare,
1138 697 1634 758 l-multiovulatum3
1653 695 1810 741 ovula

231 778 443 822 suturae
487 775 707 822 ventrali
757 776 928 825 affixa.
1003 773 1185 836 Stylus
1230 771 1529 821 terminalis.
1611 770 1810 832 Stigma

231 851 466 912 simplex.
538 851 787 898 Fructus:
843 853 1106 912 legumen,
1146 849 1317 897 rarius
1358 850 1549 909 drupa,
1591 845 1809 907 uni-po-

229 927 540 988 lyspermus.
598 926 802 974 Semina
835 926 1100 973 rarissime
1134 925 1351 972 arillaia.
1409 924 1666 971 Albumen
1695 923 1811 970 nul-

228 1001 337 1048 lum
362 1005 451 1048 aut
474 1016 579 1048 non
612 1002 737 1048 satis
773 1003 835 1048 ab
864 1002 1218 1062 integumento
1252 1001 1457 1047 interno
1492 999 1808 1059 distinctum,

229 1076 560 1138 paucioribus
593 1093 718 1124 vere
754 1092 1028 1124 carnosum
1064 1074 1390 1140 (Gaertn.*).
1459 1075 1808 1137 Cotyledones

231 1166 460 1212 crassae,
501 1153 986 1213 plano-convexae,
1030 1152 1125 1199 sub
1160 1151 1533 1215 germinatione
1568 1150 1809 1212 epigaeae

229 1230 317 1274 vel
349 1228 665 1289 hypogaeae.
731 1227 984 1276 Radicula
1018 1231 1159 1276 recta
1192 1230 1278 1275 vel
1310 1227 1808 1286 uncinato-reflexa,

229 1303 393 1350 hilum
428 1307 681 1365 spectans.
746 1304 1015 1363 Arbores,
1035 1305 1281 1366 frutices
1321 1305 1407 1351 cel
1434 1303 1641 1351 herbae.
1706 1304 1809 1350 Fo-

230 1380 306 1426 lia
338 1395 563 1443 sparsa,
606 1381 885 1428 rarissime
921 1382 1200 1444 opposita,
1235 1380 1553 1444 plerumque
1588 1394 1804 1442 compo-

228 1457 364 1518 sita,
398 1456 728 1520 bistipulata.

342 1628 872 1672 PAPILIONACEAE.
932 1629 1100 1672 Flores
1131 1627 1527 1684 hermaphroditi‚
1566 1627 1807 1670 rarissime

232 1698 444 1743 diolines.
529 1698 685 1753 Calyx
729 1699 1025 1755 urceolatus,
1082 1699 1444 1753 campanulatus
1489 1698 1567 1739 vel
1620 1696 1807 1738 tubulo-

231 1781 334 1823 sus,
382 1768 532 1811 limbo
569 1769 984 1824 quinquodivisus,
1023 1780 1162 1822 saepe
1201 1767 1488 1818 bilabiatus‚
1532 1766 1807 1821 persistens

230 1838 401 1880 Petala
430 1840 481 1894 5,
522 1838 677 1879 rarius
709 1838 882 1879 abortu
911 1839 938 1880 3
969 1837 1044 1879 vel
1075 1837 1123 1891 1,
1159 1835 1264 1878 basi
1295 1835 1470 1889 calycis
1501 1835 1704 1890 inserta,
1736 1836 1807 1876 in·

231 1907 468 1964 aequalia,
500 1907 736 1949 corollam
764 1905 1145 1961 papilionaceam
1175 1904 1446 1958 referentia,
1467 1904 1710 1946 rarissime
1724 1917 1808 1959 per

230 1990 416 2035 ungues
450 1977 562 2019 tubo
594 1977 827 2018 stamineo
859 1975 1191 2029 adhaerentia,
1226 1973 1556 2030 praefloratio:
1599 1973 1809 2028 petalum

231 2047 446 2103 superius
489 2045 780 2099 (vexillum)
820 2045 1069 2099 extimum,
1110 2043 1490 2099 conduplicatum
1529 2045 1577 2083 et
1606 2042 1807 2098 amplec-

229 2121 335 2160 tens
376 2115 602 2158 lateralia
642 2114 831 2169 (alas),
877 2127 1000 2169 quae
1037 2113 1343 2156 inferioribus
1374 2111 1627 2166 (carinae)
1659 2111 1807 2166 appli-

231 2189 351 2230 cata.
409 2184 624 2228 Stamina
655 2184 834 2238 decem,
875 2183 1050 2225 ibidem
1082 2184 1287 2238 inserta,
1325 2181 1601 2237 plerumque
1631 2181 1807 2223 diadol-

228 2257 339 2314 pha,
369 2255 524 2298 rarius
555 2253 870 2308 monadclpha
900 2253 977 2294 vel
1007 2253 1244 2295 distincta.
1300 2250 1545 2292 Antherae
1575 2248 1807 2291 bilocula-

227 2339 332 2378 res,
369 2323 595 2379 mobiles,
632 2323 881 2364 introrsae‚
941 2321 1167 2363 Ovarium
1195 2317 1513 2375 uniloculare,
1547 2318 1808 2362 l-multi-

231 2394 486 2437 ovulatum.
546 2393 709 2446 Stylus
740 2391 1017 2434 terminalis
1077 2389 1263 2447 Stigma
1293 2389 1504 2444 simplex.
1562 2387 1807 2444 Legumen

228 2463 308 2506 vel
337 2463 614 2517 lomentum,
644 2460 886 2503 rarissime
915 2461 1076 2515 drupa.
1132 2458 1370 2500 Albumcn
1399 2459 1483 2498 aut
1511 2457 1696 2499 nullum
1725 2459 1808 2498 aut

229 2532 572 2586 tenuissimum,
601 2531 980 2588 integumentum
1003 2530 1206 2582 interne,
1236 2527 1443 2569 laminae
1473 2538 1704 2568 carnosae
1733 2526 1805 2568 in-

230 2604 356 2657 star,
391 2599 623 2655 vestiens,
662 2599 898 2642 interdum
937 2599 997 2642 ab
1035 2610 1159 2655 aqua
1193 2597 1245 2639 in
1276 2596 1539 2654 gelatinam
1569 2595 1805 2638 converti-

229 2670 343 2714 bile.
396 2665 783 2727 Integumentum
813 2667 1014 2724 simplex
1041 2666 1119 2710 vel
1148 2664 1342 2723 duplex,
1373 2665 1573 2709 interius
1603 2664 1804 2708 tenuius.

318 2821 357 2861 ¹¹)
381 2820 620 2866 Endopleura
644 2818 803 2861 tumida,
826 2817 897 2852 fide
922 2817 1034 2854 cand.
