1918 3130
245 165 301 195 Vl
877 150 1178 209 Praefatio.

242 272 380 336 fore,
420 280 489 337 ut,
530 271 616 341 qui
652 269 756 323 hoc
792 269 928 324 libro
965 272 1040 325 uti
1075 271 1215 338 velit,
1251 270 1434 325 multas
1469 273 1694 326 inveniat
1729 290 1820 327 no-

241 374 331 409 vas
371 354 770 425 explicationeS,
809 357 1105 425 praesertim
1151 356 1215 408 de
1252 356 1434 408 florum
1467 355 1696 427 partibus
1735 355 1820 408 da-

241 448 343 505 taS,
389 439 547 492 multa
593 439 744 491 etiam
792 438 857 491 de
895 441 1221 509 cognationis
1257 441 1456 492 ratione
1492 439 1683 493 utiliter
1720 439 1820 493 dis-

240 530 436 594 putata,
478 523 648 594 qualia
683 524 736 575 in
774 522 1069 592 huJusmodi
1106 525 1470 595 scriptionibus
1506 542 1615 577 non
1651 524 1822 577 solent

243 606 431 676 quaeri.
507 606 614 658 Sed
650 614 706 660 ut
741 607 1069 676 intelligatur,
1111 617 1358 678 quatenus
1395 608 1523 662 fides
1562 609 1651 674 eiS,
1693 626 1822 679 quae

240 690 438 759 scripsi,
477 689 717 744 habenda
755 693 835 758 sit,
875 692 979 744 hoc
1014 693 1166 746 velim
1203 701 1408 746 teneant
1443 692 1682 758 lectoreS,
1722 710 1818 757 me,

242 791 573 844 quaecunque
623 775 1005 847 descripserim,
1056 796 1117 830 ea
1163 786 1214 830 et
1257 780 1425 848 ipsum
1460 777 1679 843 vidisse,
1727 793 1822 828 nec

239 874 462 928 unquam
498 859 632 910 hanc
677 860 843 930 legem
878 862 1152 930 migrasse,
1204 862 1303 914 nisi
1347 862 1435 914 ubi
1483 860 1673 914 diserte
1700 878 1819 913 con-

238 942 446 995 trarium
478 944 729 996 monitum
765 953 857 997 est.

374 1027 540 1079 Erunt
576 1026 812 1094 fortasse,
854 1029 942 1100 qui
979 1029 1043 1081 de
1080 1028 1381 1081 familiarum
1406 1037 1556 1100 atque
1580 1046 1822 1098 generum

237 1109 611 1165 characteribus
646 1113 901 1166 interdum
927 1117 1073 1182 justo
1112 1114 1271 1166 fusius
1299 1132 1380 1166 me
1409 1114 1715 1184 exposuisse
1747 1113 1821 1165 di—

237 1202 367 1246 cant.
443 1196 550 1248 Sed
589 1216 742 1267 quum
779 1215 915 1250 nunc
953 1197 1158 1268 quidem
1195 1217 1277 1250 res
1314 1199 1548 1251 herbaria
1584 1200 1638 1250 in
1676 1215 1820 1251 accu-

233 1285 342 1330 rata
387 1287 438 1331 et
481 1281 707 1349 perfecta
752 1283 1049 1351 cognitione
1089 1300 1243 1353 quum
1278 1283 1436 1336 totius
1473 1283 1680 1353 plantae
1714 1290 1821 1335 tum

233 1361 547 1430 singularum
582 1368 801 1435 partium
838 1368 1010 1438 posita
1048 1368 1138 1432 sit,
1178 1366 1287 1418 fieri
1322 1385 1430 1420 non
1465 1368 1659 1437 potuit,
1700 1367 1822 1436 quin

233 1450 546 1499 enumeratio
570 1458 807 1502 notarum
834 1452 1100 1520 copiosior
1126 1449 1472 1501 institueretur
1504 1468 1653 1519 quam
1680 1450 1819 1515 olim,

234 1548 388 1600 quum
423 1533 676 1585 nonnulla
711 1541 906 1585 tantum
945 1533 1238 1584 discrimina
1275 1540 1513 1586 enotasse
1551 1540 1630 1585 sat
1664 1533 1818 1586 habe-

231 1622 347 1667 rent
390 1615 633 1669 botanici.
718 1618 952 1670 Ceterum
1000 1618 1298 1686 gravissima
1340 1625 1536 1670 tantum
1582 1625 1819 1670 notarum

231 1708 490 1753 momenta
526 1720 607 1754 me
645 1701 874 1754 attulisse
913 1709 963 1754 et
998 1719 1065 1753 ne
1102 1701 1281 1753 eadem
1316 1702 1397 1755 bis
1424 1701 1713 1755 dicerentur
1741 1720 1818 1755 se-

234 1784 359 1838 dulo
400 1784 605 1839 dedisse
644 1804 878 1856 operam,
915 1786 1002 1839 vix
1041 1803 1172 1856 opus
1210 1787 1306 1839 erit
1339 1794 1395 1839 ut
1430 1804 1680 1840 moneam.

373 1871 506 1922 Tum
536 1889 602 1923 ne
628 1871 777 1923 nimis
813 1878 1126 1923 accresceret
1163 1889 1310 1941 opuS,
1347 1890 1433 1924 eas
1472 1871 1704 1924 solorum
1739 1870 1815 1923 lo-

231 1971 410 2006 corum
447 1955 907 2025 circumjacentium
942 1955 1144 2026 plantas
1181 1956 1411 2026 respexi,
1460 1975 1587 2027 quae
1623 1957 1678 2008 in
1715 1974 1815 2008 am-

231 2038 582 2093 bulationibus
627 2041 900 2093 herbarum
949 2040 1247 2093 collectioni
1292 2039 1471 2094 dicatis
1517 2042 1666 2094 unius
1715 2041 1817 2093 diei

230 2125 397 2194 spatio
436 2123 539 2194 legi
573 2133 809 2196 possunt,
852 2126 1053 2178 omissis
1090 2126 1152 2177 iis
1192 2142 1321 2196 quae
1356 2125 1620 2195 hucusque
1655 2126 1710 2176 in
1738 2142 1813 2177 re-

229 2209 536 2261 motioribus
579 2209 935 2263 tantummodo
989 2210 1119 2261 locis
1173 2209 1412 2260 inventae
1463 2216 1603 2274 sunt,
1656 2207 1816 2261 veluti

228 2309 395 2362 prope
417 2293 812 2348 Francofurtum
835 2294 901 2346 ad
925 2293 1189 2359 Viadrum,
1212 2292 1576 2362 Postampium,
1606 2292 1649 2344 F
1650 2293 1811 2345 reien-

233 2377 449 2431 waldam
498 2387 548 2430 et
586 2379 960 2448 Selbelangam.
1049 2379 1196 2441 Quae
1240 2377 1470 2429 invectae
1515 2384 1633 2428 sunt
1668 2376 1811 2446 plan-

230 2470 328 2527 tae,
369 2479 541 2514 earum
578 2464 787 2516 nonnisi
820 2463 949 2516 tales
987 2463 1042 2515 in
1070 2462 1255 2515 librum
1278 2459 1597 2530 recipiendas
1621 2463 1809 2531 putavi,

232 2564 362 2616 quae
390 2545 542 2599 etiam
571 2547 707 2618 apud
731 2565 830 2601 nos
865 2564 999 2601 nunc
1026 2547 1165 2600 ferae
1187 2547 1531 2617 reperiuntur,
1582 2563 1811 2615 quaeque

232 2638 282 2682 ct
327 2631 520 2684 semina
556 2650 647 2684 sua
690 2633 833 2702 ipsae
871 2640 1137 2704 spargunt,
1185 2650 1280 2684 nec
1317 2630 1559 2700 singulari
1598 2630 1808 2682 omnino

230 2714 460 2784 indigent
497 2716 705 2769 cultura.
785 2718 1023 2790 Denique
1060 2735 1294 2783 muSCOS,
1327 2717 1613 2788 hepaticas,
1653 2713 1806 2765 liche—

231 2815 339 2865 neS,
379 2799 564 2870 fungos
600 2809 750 2872 atque
787 2802 925 2872 algas
964 2811 1238 2874 propterea
1270 2802 1491 2873 neglexi,
1525 2797 1666 2871 quod
1689 2815 1806 2869 spes
