1918 3130
725 179 1094 226 Chelidonium.
1632 179 1696 227 29

118 313 340 348 sursum.
365 299 583 363 inflexa,
631 301 684 348 iu
727 301 995 363 Papavere
1044 301 1290 351 verticem
1341 299 1507 347 ovarii
1553 298 1695 345 obte-

103 375 292 435 ‘gentia
339 377 489 438 eique
534 378 744 439 adnata3
799 378 1015 425 sinubus
1066 378 1202 426 inter
1251 376 1494 439 stigmata
1544 389 1696 435 saepe

117 450 372 511 ampliatis
414 453 667 514 lobosque
718 454 1066 501 referentibus
1108 469 1223 501 cum
1256 452 1586 514 stigmatibus
1625 452 1695 497 al·

116 529 380 574 ternantes
427 526 492 591 (a
525 529 762 590 pluribus
795 545 892 591 pro
921 530 1001 577 his
1037 527 1304 591 sumptos)
1341 527 1696 590 placentisque

116 602 398 663 oppositos.
471 605 696 652 Fructus
731 605 1010 667 siliquosus
1046 607 1134 654 vel
1167 604 1476 666 capsu1aris,
1510 603 1696 663 poly-,

114 677 378 726 rarissime
411 680 591 741 pauci·
630 681 714 726 vel
748 696 1170 742 monospermus,
1202 681 1373 728 valvis
1407 679 1572 741 magis
1606 675 1696 723 mi-

113 768 281 802 nusve
314 757 566 816 complete
599 755 894 816 dehiscens,
929 755 1282 816 unilocularis,
1316 755 1580 803 rarissime
1610 754 1699 800 vel

114 829 200 888 (in
235 823 482 892 Glaucio)
528 847 622 891 per
664 831 1083 893 dissepimentum
1126 832 1504 893 longitudinale
1545 845 1698 892 spon·

111 905 316 966 giosum
350 907 584 968 spurium
616 906 670 954 in
703 907 902 954 loculos
938 908 1068 954 duos
1101 908 1462 968 polyspermos
1497 906 1583 953 vel
1618 904 1699 968 (in

111 980 396 1043 Hypecoo)
439 997 533 1043 per
574 985 721 1043 septa
762 987 1065 1030 transversa
1097 983 1151 1028 iu
1184 984 1528 1030 loculamenta
1562 996 1698 1029 com-

110 1058 262 1118 plura
289 1072 651 1132 monosperma
687 1058 902 1108 divisus.
946 1059 1224 1107 Placentae
1256 1060 1561 1121 plerumque
1593 1062 1697 1106 tar·
1714 1116 1720 1124 Ι

112 1132 228 1180 dlus
272 1135 497 1196 solutae,
538 1135 835 1197 filiformeS,
873 1135 928 1182 in
960 1135 1231 1199 Papavere
1265 1135 1604 1196 persistentes
1647 1137 1699 1181 et

110 1208 372 1260 interdum
391 1203 734 1271 septiformes.
790 1210 995 1259 Semina
1015 1226 1180 1273 parva
1201 1212 1285 1258 vel
1306 1211 1520 1273 minuta,
1555 1213 1697 1258 recta

108 1286 196 1333 vel
230 1289 473 1333 curvato'-
485 1283 802 1347 reniformia,
835 1288 1037 1381 rhapbe
1072 1287 1356 1349 instructa3
1388 1287 1587 1349 rhaphe
1620 1287 1696 1334 in-

108 1363 343 1409 tet-dum
356 1363 677 1426 spongioso-
699 1365 925 1411 dilatatai
975 1366 1426 1426 Integumentum
1477 1364 1697 1424 duplex3

110 1437 340 1486 exterius
368 1441 716 1499 crustaceum3
747 1439 969 1486 interius
1005 1444 1173 1489 tenue.
1225 1441 1482 1487 Albumen
1518 1453 1695 1486 carno·

108 1528 240 1574 sum,
275 1515 522 1560 oleosum.
588 1513 821 1576 Embryo
855 1504 1105 1576 inclusus,
1138 1517 1276 1563 nunc
1299 1515 1695 1577 minutissimus,

106 1591 306 1649 rectus,
339 1587 393 1634 in
427 1590 754 1637 extremitate
787 1590 1035 1651 apiculari
1069 1590 1342 1638 albuminis
1377 1591 1526 1653 situs,
1558 1606 1695 1639 nunc

107 1665 397 1726 elongatus,
431 1664 809 1726 cylindraceus,
843 1670 1110 1727 curvatus,
1145 1666 1405 1714 dimidiam
1437 1668 1546 1714 fere
1578 1682 1695 1728 par-

106 1745 212 1789 tem
255 1739 529 1788 albuminis
579 1755 852 1803 occupans.
935 1741 1190 1790 Radicula
1231 1743 1396 1790 hilum
1439 1748 1693 1805 spectans.

105 1815 320 1864 Herbae
357 1816 444 1863 vel
479 1816 798 1876 szqffrutices
837 1818 1197 1866 lactescentia.
1277 1820 1435 1866 Folia
1477 1834 1691 1882 sparsa.

105 1894 297 1940 Flores
330 1892 578 1952 solitarii,
605 1893 972 1957 pedunculati,
1007 1895 1330 1957 terminales,
1363 1896 1548 1943 rarius
1580 1911 1690 1942 um-

106 1969 287 2017 bellati
319 1969 404 2016 vel
420 1969 738 2030 paniculati.
766 1970 1148 2032 —Hypecoum
1183 1975 1263 2019 est
1296 1973 1473 2020 forsan
1507 1973 1692 2020 Fuma-

105 2044 289 2093 riaceis
324 2044 706 2091 adsociandum.

552 2118 918 2177 Conspectus
957 2134 1249 2180 generum.

216 2190 257 2232 1.
318 2188 502 2244 Siliqua
538 2190 880 2248 unilocularis,
910 2192 1121 2234 hivalvis
1143 2215 1162 2223 -
1192 2216 1210 2225 -
1243 2216 1262 2224 -
1293 2216 1312 2225 -
1343 2191 1689 2236 Chelidonium.

213 2260 255 2302 2.
296 2257 522 2315 'Capsula
553 2260 655 2302 uni·
687 2260 762 2302 vel
792 2261 1078 2317 incomplete
1107 2262 1308 2317 plnrilo-

327 2329 519 2382 culatis,
552 2329 642 2371 sub
663 2330 890 2386 stigmate
914 2331 1097 2387 peltato
1118 2331 1309 2375 forami-

326 2397 467 2440 nibus
500 2399 748 2441 dehiscens
791 2421 1210 2436 ---------
1237 2408 1259 2434 ··*
1289 2403 1307 2433 ‘-
1337 2400 1572 2457 Papaver.

554 2513 1006 2572 CHELmONmM
1051 2512 1231 2572 Linn.

215 2588 388 2645 Sepala
418 2592 470 2645 2,
501 2605 741 2648 convexa,
781 2593 972 2636 caduca.
1037 2593 1210 2636 Petala
1239 2595 1282 2640 4.
1340 2593 1555 2638 Stamina
1587 2607 1686 2638 cre·

104 2656 205 2700 bra.
263 2657 532 2703 Filamenta
562 2675 764 2718 superne
792 2676 957 2718 parum
989 2663 1269 2710 incrassata.
1326 2664 1571 2708 Antberae
1602 2663 1685 2706 ob-

103 2725 304 2784 longae,
338 2730 690 2787 complanatae,
722 2732 945 2787 utrinque
976 2733 1328 2790 emarginatae,
1358 2733 1466 2776 basi
1494 2733 1685 2788 affixae,

104 2800 305 2853 utroque
345 2797 498 2842 latere
538 2800 848 2843 dehiscentes,
911 2800 1140 2845 Ovarium
1170 2802 1550 2858 teretiusculum,
1577 2803 1684 2845 uni-
